@book{cvitanovic,
    author = {Predrag Cvitanovi\'c},
    title = {Group Theory},
    date = {2008},
    subtitle = {Birdtracks, Lie's, and Exceptional Groups},
    location = {Princeton},
    publisher = {Princeton University Press}
}

@book{san-martin-lie-groups,
    author = {Luiz A. B. San Martin},
    title = {Lie Groups},
    date = {2016},
    translator = {Jos\'e Em\'ilio Maiorino and Carlos Augusto Bassani Varca},
    publisher = {Springer},
    location = {Switzerland},
    pages = {87--88}
}

@book{james-rep-symmetric-group,
    author = {Gordon James and Adalbert Kerber},
    title = {The Representation Theory of the Symmetric Group},
    date = {1981},
    publisher = {Cambridge University Press},
    location = {Cambridge},
    pages = {2}
}

@book{fulton-harris,
    author = {William Fulton and Joe Harris},
    title = {Representations of Finite Groups},
    date = {2004},
    publisher = {Springer},
    OPTlocation = {New York},
    pages = {3}
}

@book{hamermesh,
    author = {Morton Hamermesh},
    title = {Group Theory},
    subtitle = {And Its Application To Physical Problems},
    date = {1962},
    location = {London},
    publisher = {Addison-Wedley},
    pages = {97--98},
}


